@MISC{BP05,
  author =       {Carter T. Butts and Miruna Petrescu-Prahova},
  title =        {Radio Communication Networks in the World Trade Center Disaster},
  howpublished = {http://gladiator.ncsa.uiuc.edu/PDFs/networks/butts-radio.pdf},
  year =         {2005},
  month =        {Apr},
}
@ARTICLE{KGA06,
  AUTHOR =       {Sandeep S. Kulkarni and Mohamed G. Gouda and Anish Arora},
  TITLE =        {Secret instantiation in ad-hoc networks},
  JOURNAL =      {Computer Communications},
  YEAR =         {2006},
  volume =       {29},
  number =       {2},
  pages =        {200-215},
}
@ARTICLE{CMS98,
  AUTHOR =       {Chung Kei Wong and Mohamed Gouda and Simon S. Lam},
  TITLE =        {Secure group communications using key graphs},
  JOURNAL =      {SIGCOMM Comput. Commun. Rev.},
  YEAR =         {1998},
  volume =       {28},
  number =       {4},
  pages =        {68-79},
}
